@book{Kohlrausch,
  title={Praktische Physik: Zum Gebrauch f{\"u}r Unterricht, Forschung und Technik Band 2},
  author={Kohlrausch, Friedrich},
  volume={2},
  year={2013},
  publisher={Springer-Verlag}
}

@book{Demtroder,
  title={Experimentalphysik 3: Atome, Molek{\"u}le und Festk{\"o}rper},
  author={Demtr{\"o}der, Wolfgang},
  year={2016},
  publisher={Springer-Verlag}
}
