@book{Hunklinger,
  title={Festk{\"o}rperphysik},
  author={Hunklinger, Siegfried},
  year={2009},
  publisher={Oldenbourg Verlag}
}

@book{Thurk,
title={Festk\"{o}rpereigenschaften tiefer Temperaturen},
author={Thürk, Matthias},
year = {2017},
publisher={Friedrich-Schiller-Universität Jena}
}
