@book{Eichler,
  title={Laser: Bauformen, Strahlf{\"u}hrung, Anwendungen},
  author={Eichler, Hans Joachim and Eichler, J{\"u}rgen},
  year={1990},
  publisher={Springer-Verlag}
}

@book{Saleh,
  title={``Fundamentals of Photonics''},
  author={Saleh, Bahaa EA and Teich, Malvin Carl},
  publisher={Wiley},
  pages={1332},
  year={2019}
}

@book{Peschel,
  title={Vorlesungsskript Optik und Wellen},
  author={Peschel, Ulf},
  year={2019}
}

@book{Demtröder2,
  title={Experimentalphysik 2: Elektrizit{\"a}t und Optik},
  author={Demtr{\"o}der, Wolfgang},
  year={2018},
  publisher={Springer-Verlag}
}

@book{Anleitung,
title={Gaslaser},
author={Schlenvoigt; Hein},
year = {2013},
publisher={Friedrich-Schiller-Universität Jena}
}
